% -*- Mode: BibTeX; coding: utf-8; indent-tabs-mode: nil; tab-width: 2 -*-

@misc{peters2004zenofpython,
  title={{PEP20 -- The Zen of Python}},
  author={Peters, T.},
  url={http://www.python.org/dev/peps/pep-0020},
  year={2004}
}
@book{ries2011lean,
  title={The Lean Startup: How Today's Entrepreneurs Use Continuous Innovation to Create Radically Successful Businesses},
  author={Ries, E.},
  isbn={9780307887894},
  lccn={2011012100},
  url={http://books.google.cl/books?id=r9x-OXdzpPcC},
  year={2011},
  publisher={Crown Publishing Group}
}
